@article{Gouy-1889,
	author = {Gouy, G},
	title = {Sur l'\'{e}nergie utilisable},
	journal = {Journal de Physique Théorique et Appliquée},
	year = 1889, volume = 8, pages = {501--518}, number = 1}

@book{Chambadal-1974,
	title = {La Thermodynamique},
	author = {Chambadal, P.},
	year = 1974, publisher = {Eyrolles}}

@article{ASHRAE-1979,
	title = {Proper evaluation of available energy for HVAC},
	author = {Wepfer, W. J. and Gaggioli, R. A. and Obert, E. F.},
	journal = {ASHRAE Transactions}, volume = 85, number = 1,
	year = 1979, pages = {214--230}}

@Article{TI-B2230,
	Title = {Air humide}, Author = {Duminil, M.},
	Journal = {Techniques de l'Ing\'{e}nieur}, Year = 1986, Volume = {B 2
		230}}

@article{ASHRAE-1987,
	title={Exergy Analysis of Heat Pumps},
	author={Tsaros, T. L. and Gaggioli, R. A. and Domanski, P. A.},
	journal={ASHRAE Transactions}, volume=93,year=1987}

@Article{entropie-157-0013-0020,
	Title = {Temp\'{e}rature de {C}arnot ${\Theta}$,
		{D}iagramme ${\Theta}/{Q}$, {M}\'{e}thode du pincement},
	Author = {Rivero, R. and {de Oliveira Jr}, S. and {Le~Goff}, P.},
	Journal = {Entropie}, Year = 1990, Pages = {13--20}, Volume =
	{157/158}}

	@Article{TI-BE8015,
		Title = {Analyse exerg\'etique}, 
		Author = {Benelmir, R. and Lallemand, A. and Feidt, M.},
		Journal = {Techniques de l'Ing\'enieur}, Year = 2002, Volume =
		{BE 8 015}}

@Article{TI-BE8013,
	Title = {Compression et d\'etente des gaz ou des vapeurs},
	Author = {Lallemand, A.},
	Journal = {Techniques de l'Ing\'{e}nieur},
	Year = 2003,
	Volume = {BE 8 013}}

@article{SV-2013,
	title = {Penser exergie plut\^{o}t qu'\'{e}nergie},
	author = {Nouyrigat, V.},
	journal = {Science \& Vie},
	month = 7, pages={115--124},
	year = 2013}

@article{RGT-035-0651,
	title = {Termes de signe positif et n\'{e}gatif en analyses
		exerg\'{e}tiques des flux de chaleur},
	author = {Mc~Govern, J. and Le~Goff, P.},
	journal = {Revue G\'{e}n\'{e}rale de Thermique}, volume = 35, 
	number = {418-419},
	pages = {651--655}, year= 1996, 
	doi = {10.1016/S0035-3159(96)80061-4}}

@article{EPL-104-40008,
	title = {Maximum reversible work extraction from a blackbody radiation
		reservoir. A way to closing the old controversy},
       	author = {Badescu, V.}, journal = {Europhysics Letters}, 
	volume = 109, number = 4, year = 2015, 
	page = {40008}, doi = {10.1209/0295-5075/109/40008}}

@Book{Bejan-2006,
	Title = {Advanced {E}ngineering {T}hermodynamics},
	edition = 3,
	Author                   = {Bejan, A.},
	Publisher                = {Wiley},
	Year                     = 2006,
	Address                  = {New York}}
